@misc{realtime_analytics,
  title={Real-time Analytics: Definition, Examples, and Use Cases},
  author={Analytics},
  year={2022},
  url={https://www.databricks.com/glossary/real-time-analytics},
  note={[Accessed: 01/04/2025]}
}

@misc{przemysl40_iot_ogolnie,
  title={Czym jest Przemysł 4.0?},
  author={Przemysł 4.0},
  year={2017},
  url={https://przemysl-40.pl/index.php/2017/03/22/czym-jest-przemysl-4-0/},
  note={[Accessed: 01/04/2025]}
}

@misc{avro_documentation,
  title={Apache Avro Documentation},
  author={Avro},
  year={2022},
  url={https://avro.apache.org/docs/},
  note={[Accessed: 01/04/2025]}
}

@misc{confluent_schema_registry,
  title={Confluent Schema Registry Documentation},
  author={Confluent Schema Registry},
  year={2022},
  url={https://docs.confluent.io/platform/current/schema-registry/index.html},
  note={[Accessed: 01/04/2025]}
}

@misc{data_processing_models,
  title={Data Processing Models: Batch vs. Stream Processing},
  author={Processing},
  year={2022},
  url={https://www.confluent.io/learn/batch-vs-real-time-data-processing/},
  note={[Accessed: 01/04/2025]}
}

@misc{realtime_challenges,
  title={Challenges in Real-time Data Processing},
  author={Challenges},
  year={2022},
  url={https://www.infoq.com/articles/real-time-data-processing-challenges/},
  note={[Accessed: 01/04/2025]}
}

@misc{multisensor_systems,
  title={Multi-sensor Systems in Industrial Applications},
  author={Systems},
  year={2022},
  url={https://www.sciencedirect.com/science/article/pii/S2405896318332421},
  note={[Accessed: 01/04/2025]}
}

@misc{industrial_sensors,
  title={Industrial Sensors and Their Applications},
  author={Sensors},
  year={2022},
  url={https://www.omega.com/en-us/resources/industrial-sensors},
  note={[Accessed: 01/04/2025]}
}

@misc{multisensor_architecture,
  title={Multi-sensor System Architecture and Design},
  author={Architecture},
  year={2022},
  url={https://www.mdpi.com/1424-8220/22/1/31},
  note={[Accessed: 01/04/2025]}
}

@misc{microservice_architecture,
  title={Pattern: Microservice Architecture},
  author={Microservices},
  year={2022},
  url={https://microservices.io/patterns/microservices.html},
  note={[Accessed: 01/04/2025]}
}

@misc{microservice_benefits,
  title={Benefits of Microservices Architecture},
  author={Benefits},
  year={2022},
  url={https://www.nginx.com/blog/introduction-to-microservices/},
  note={[Accessed: 01/04/2025]}
}

@misc{microservice_challenges,
  title={Challenges in Microservices Architecture},
  author={Challenges},
  year={2022},
  url={https://www.nginx.com/blog/microservices-at-netflix-architectural-best-practices/},
  note={[Accessed: 01/04/2025]}
}

@misc{kubernetes,
  title={Kubernetes Documentation},
  author={Kubernetes},
  year={2022},
  url={https://kubernetes.io/docs/home/},
  note={[Accessed: 01/04/2025]}
}

@misc{kubernetes_concepts,
  title={Kubernetes Core Concepts},
  author={Concepts},
  year={2022},
  url={https://kubernetes.io/docs/concepts/},
  note={[Accessed: 01/04/2025]}
}

@misc{kubernetes_benefits,
  title={Benefits of Using Kubernetes},
  author={Benefits},
  year={2022},
  url={https://kubernetes.io/docs/concepts/overview/what-is-kubernetes/},
  note={[Accessed: 01/04/2025]}
}

@misc{kafka,
  title={Apache Kafka Documentation},
  author={Kafka},
  year={2022},
  url={https://kafka.apache.org/documentation/},
  note={[Accessed: 01/04/2025]}
}

@misc{kafka_streams,
  title={Kafka Streams Documentation},
  author={Streams},
  year={2022},
  url={https://kafka.apache.org/documentation/streams/},
  note={[Accessed: 01/04/2025]}
}

@misc{flink,
  title={Apache Flink Documentation},
  author={Flink},
  year={2022},
  url={https://flink.apache.org/docs/stable/},
  note={[Accessed: 01/04/2025]}
}

@misc{spark_streaming,
  title={Spark Streaming Documentation},
  author={Streaming},
  year={2022},
  url={https://spark.apache.org/docs/latest/streaming-programming-guide.html},
  note={[Accessed: 01/04/2025]}
}

@misc{scada,
  title={SCADA Systems: What They Are and How They Work},
  author={SCADA},
  year={2022},
  url={https://www.inductiveautomation.com/resources/article/what-is-scada},
  note={[Accessed: 01/04/2025]}
}

@misc{cloud_iot,
  title={Cloud IoT Platforms Comparison},
  author={IoT},
  year={2022},
  url={https://www.postscapes.com/internet-of-things-platforms/},
  note={[Accessed: 01/04/2025]}
}

@misc{edge_computing,
  title={Edge Computing in Industrial IoT},
  author={Edge Computing},
  year={2022},
  url={https://www.iiconsortium.org/pdf/IIC_Edge_Computing_in_IIoT_2019.pdf},
  note={[Accessed: 01/04/2025]}
}

@misc{open_source_realtime,
  title={Open Source Real-time Analytics Tools},
  author={Open Source},
  year={2022},
  url={https://www.influxdata.com/blog/open-source-time-series-databases/},
  note={[Accessed: 01/04/2025]}
}

@misc{microservices,
  title={Pattern: Microservice Architecture},
  author={{Microservices}},
  year={2022},
  url={https://microservices.io/patterns/microservices.html},
  note={[Accessed: 27/12/2022]}
}

@misc{iot_definition_aws,
  title={What is IoT? - Internet of Things Explained},
  author={Amazon Web Services},
  year={2024},
  url={https://aws.amazon.com/what-is/iot/},
  note={[Accessed: 01/04/2025]}
}

@misc{aws_lambda_docs,
  title={What is AWS Lambda?},
  author={Amazon Web Services},
  year={2024},
  url={https://docs.aws.amazon.com/lambda/latest/dg/welcome.html},
  note={[Accessed: 01/04/2025]}
}

@book{cep_definition,
  title={The Power of Events: An Introduction to Complex Event Processing in Distributed Enterprise Systems},
  author={Luckham, D. C.},
  year={2002},
  publisher={Addison-Wesley}
}

@misc{opc_ua_definition,
  title={OPC Unified Architecture},
  author={OPC Foundation},
  year={2024},
  url={https://opcfoundation.org/about/opc-technologies/opc-ua/},
  note={[Accessed: 01/04/2025]}
}

@misc{cncf_website,
  title={CNCF Cloud Native Interactive Landscape},
  author={Cloud Native Computing Foundation},
  year={2024},
  url={https://landscape.cncf.io/},
  note={[Accessed: 01/04/2025]}
}

@misc{spark_sql_docs,
  title={Spark SQL, DataFrames and Datasets Guide},
  author={Apache Spark},
  year={2024},
  url={https://spark.apache.org/docs/latest/sql-programming-guide.html},
  note={[Accessed: 01/04/2025]}
}

@misc{json_schema_org,
  title={JSON Schema},
  author={JSON Schema},
  year={2024},
  url={https://json-schema.org/},
  note={[Accessed: 01/04/2025]}
}

@misc{protobuf_docs,
  title={Protocol Buffers Documentation},
  author={Google},
  year={2024},
  url={https://protobuf.dev/overview/},
  note={[Accessed: 01/04/2025]}
}

@misc{hocon_spec,
  title={HOCON: Human-Optimized Config Object Notation},
  author={Lightbend},
  year={2024},
  url={https://github.com/lightbend/config/blob/main/HOCON.md},
  note={[Accessed: 01/04/2025]}
}

@misc{pureconfig_docs,
  title={PureConfig - A boilerplate-free library for loading configuration files},
  author={PureConfig},
  year={2024},
  url={https://pureconfig.github.io/},
  note={[Accessed: 01/04/2025]}
}

@misc{spark_mllib_reference,
  title={MLlib: Main Guide - Spark 3.5.1 Documentation},
  author={Apache Spark},
  year={2024},
  url={https://spark.apache.org/docs/latest/ml-guide.html},
  note={[Accessed: 01/04/2025]}
}

@misc{sns_docs,
  title={Amazon Simple Notification Service},
  author={AWS SNS},
  year={2024},
  url={https://docs.aws.amazon.com/sns/latest/dg/welcome.html},
  note={[Accessed: 01/04/2025]}
}

@misc{nosql_definition,
  title={NoSQL Database},
  author={NoSQL},
  year={2024},
  url={https://en.wikipedia.org/wiki/NoSQL},
  note={[Accessed: 01/04/2025]}
}

@misc{api_gateway_definition,
  title={API Gateway},
  author={API Gateway},
  year={2024},
  url={https://aws.amazon.com/api-gateway/},
  note={[Accessed: 01/04/2025]}
}

@misc{aws_step_functions_docs,
  title={AWS Step Functions},
  author={AWS Step Functions},
  year={2024},
  url={https://aws.amazon.com/step-functions/},
  note={[Accessed: 01/04/2025]}
}

@misc{sqs_docs,
  title={Amazon Simple Queue Service},
  author={AWS SQS},
  year={2024},
  url={https://aws.amazon.com/sqs/},
  note={[Accessed: 01/04/2025]}
}

@misc{aws_definition,
  title={Amazon Web Services},
  author={Amazon Web Services},
  year={2024},
  url={https://aws.amazon.com/},
  note={[Accessed: 01/04/2025]}
}

@misc{terraform_docs,
  title={Terraform Documentation},
  author={Terraform},
  year={2024},
  url={https://www.terraform.io/docs/index.html},
  note={[Accessed: 01/04/2025]}
}

@misc{watermarking,
  title={Watermarking in Apache Spark},
  author={Watermarking},
  year={2024},
  url={https://www.databricks.com/blog/feature-deep-dive-watermarking-apache-spark-structured-streaming},
  note={[Accessed: 01/04/2025]}
}

@misc{pyspark_docs,
  title={PySpark Documentation},
  author={PySpark},
  year={2024},
  url={https://spark.apache.org/docs/latest/api/python/},
  note={[Accessed: 01/04/2025]}
}

@misc{spark_dataframe,
  title={Spark DataFrame Documentation},
  author={Spark DataFrame},
  year={2024},
  url={https://spark.apache.org/docs/latest/sql-programming-guide.html#dataframes-and-datasets},
  note={[Accessed: 01/04/2025]}
}

@misc{spark_string_indexer,
  title={Spark StringIndexer Documentation},
  author={Spark StringIndexer},
  year={2024},
  url={https://spark.apache.org/docs/latest/ml-features.html#stringindexer},
  note={[Accessed: 01/04/2025]}
}

@misc{spark_vector_assember,
  title={Spark VectorAssembler Documentation},
  author={Spark VectorAssembler},
  year={2024},
  url={https://spark.apache.org/docs/latest/ml-features.html#vectorassembler},
  note={[Accessed: 01/04/2025]}
}

@misc{spark_udf,
  title={Spark UDF Documentation},
  author={Spark UDF},
  year={2024},
  url={https://spark.apache.org/docs/latest/sql-ref-functions-udf-scalar.html},
  note={[Accessed: 01/04/2025]}
}

@misc{spark_documentation,
  title={Apache Spark Documentation},
  author={Apache Spark},
  year={2024},
  url={https://spark.apache.org/docs/latest/},
  note={[Accessed: 01/04/2025]}
}

@misc{apache_nifi,
  title={Apache NiFi Documentation},
  author={Apache NiFi},
  year={2024},
  url={https://nifi.apache.org/docs/nifi-docs/},
  note={[Accessed: 01/04/2025]}
}

@misc{apache_druid,
  title={Apache Druid Documentation},
  author={Apache Druid},
  year={2024},
  url={https://druid.apache.org/docs/latest/},
  note={[Accessed: 01/04/2025]}
}

@misc{influxdb,
  title={InfluxDB Documentation},
  author={InfluxDB},
  year={2024},
  url={https://docs.influxdata.com/influxdb/latest/},
  note={[Accessed: 01/04/2025]}
}

@rfc{jwt_rfc,
  title={JSON Web Token (JWT)},
  author={Jones, M. and Bradley, J. and Sakimura, N.},
  year={2015},
  series={RFC},
  number={7519},
  url={https://www.rfc-editor.org/rfc/rfc7519},
  note={[Accessed: 18/06/2024]}
}

@misc{keycloak_docs,
  title={Keycloak Documentation},
  author={Keycloak Team},
  year={2024},
  url={https://www.keycloak.org/documentation},
  note={[Accessed: 18/06/2024]}
}

@rfc{oauth2_rfc,
  title={The OAuth 2.0 Authorization Framework},
  author={Hardt, D.},
  year={2012},
  series={RFC},
  number={6749},
  url={https://www.rfc-editor.org/rfc/rfc6749},
  note={[Accessed: 18/06/2024]}
}

@rfc{ldap_rfc,
  title={Lightweight Directory Access Protocol (LDAP): Technical Specification Road Map},
  author={Sermersheim, J.},
  year={2006},
  series={RFC},
  number={4510},
  url={https://www.rfc-editor.org/rfc/rfc4510},
  note={[Accessed: 18/06/2024]}
}

@misc{aws_docs,
  title={What is AWS?},
  author={Amazon Web Services},
  year={2024},
  url={https://aws.amazon.com/what-is-aws/},
  note={[Accessed: 18/06/2024]}
}

@misc{eks_docs,
  title={What is Amazon EKS?},
  author={Amazon Web Services},
  year={2024},
  url={https://docs.aws.amazon.com/eks/latest/userguide/what-is-eks.html},
  note={[Accessed: 18/06/2024]}
}

@misc{ec2_docs,
  title={What is Amazon EC2?},
  author={Amazon Web Services},
  year={2024},
  url={https://docs.aws.amazon.com/AWSEC2/latest/UserGuide/concepts.html},
  note={[Accessed: 18/06/2024]}
}

@misc{cloudformation_docs,
  title={What is AWS CloudFormation?},
  author={Amazon Web Services},
  year={2024},
  url={https://docs.aws.amazon.com/AWSCloudFormation/latest/UserGuide/what-is-cfn.html},
  note={[Accessed: 18/06/2024]}
}

@misc{kubeadm_docs,
  title={kubeadm},
  author={The Kubernetes Authors},
  year={2024},
  url={https://kubernetes.io/docs/reference/setup-tools/kubeadm/},
  note={[Accessed: 18/06/2024]}
}

@misc{yaml_spec,
  title={YAML Ain't Markup Language (YAML™) Version 1.2},
  author={Ben-Kiki, O. and Evans, C. and {döt Net}, I.},
  year={2021},
  url={https://yaml.org/spec/1.2.2/},
  note={[Accessed: 18/06/2024]}
}

@misc{helm_docs,
  title={Helm Documentation},
  author={The Helm Authors},
  year={2024},
  url={https://helm.sh/docs/},
  note={[Accessed: 18/06/2024]}
}

@misc{docker_docs,
  title={Docker Documentation},
  author={Docker Inc.},
  year={2024},
  url={https://docs.docker.com/},
  note={[Accessed: 18/06/2024]}
}

@misc{containerd_docs,
  title={containerd: An industry-standard container runtime},
  author={containerd},
  year={2024},
  url={https://containerd.io/},
  note={[Accessed: 18/06/2024]}
}

@misc{nodeport_docs,
  title={Publish Services (ServiceTypes)},
  author={The Kubernetes Authors},
  year={2024},
  url={https://kubernetes.io/docs/concepts/services-networking/service/#publishing-services-servicetypes},
  note={[Accessed: 18/06/2024]}
}

@misc{alb_docs,
  title={What is an Application Load Balancer?},
  author={Amazon Web Services},
  year={2024},
  url={https://docs.aws.amazon.com/elasticloadbalancing/latest/application/introduction.html},
  note={[Accessed: 18/06/2024]}
}

@misc{metallb_docs,
  title={MetalLB, bare-metal load-balancer for Kubernetes},
  author={The MetalLB Authors},
  year={2024},
  url={https://metallb.universe.tf/},
  note={[Accessed: 18/06/2024]}
}

@misc{nginx_ingress_docs,
  title={NGINX Ingress Controller},
  author={F5, Inc.},
  year={2024},
  url={https://www.nginx.com/products/nginx-ingress-controller/},
  note={[Accessed: 18/06/2024]}
}

@misc{cert_manager_docs,
  title={cert-manager},
  author={The cert-manager Authors},
  year={2024},
  url={https://cert-manager.io/docs/},
  note={[Accessed: 18/06/2024]}
}

@misc{jjwt_docs,
  title={JJWT: Java JWT: JSON Web Token for Java and Android},
  author={Okta, Inc.},
  year={2024},
  url={https://github.com/jwtk/jjwt},
  note={[Accessed: 18/06/2024]}
}

@article{pearson_correlation,
  title={Notes on regression and inheritance in the case of two parents},
  author={Pearson, K.},
  journal={Proceedings of the Royal Society of London},
  year={1895},
  url={https://www.jstor.org/stable/108555},
  note={[Accessed: 18/06/2024]}
}

@book{jolliffe_pca,
  title={Principal component analysis},
  author={Jolliffe, I. T.},
  year={2002},
  publisher={Springer}
}

@book{anderson_mva,
  title={An introduction to multivariate statistical analysis},
  author={Anderson, T. W.},
  year={2003},
  publisher={Wiley}
}

@book{hyndman_forecasting,
  title={Forecasting: principles and practice},
  author={Hyndman, R. J.},
  year={2018},
  publisher={OTexts}
}

@misc{pydantic_docs,
  title={Pydantic Documentation},
  author={Pydantic},
  year={2024},
  url={https://docs.pydantic.dev/},
  note={[Accessed: 18/06/2024]}
}

@misc{mqtt_v5,
  title={MQTT Version 5.0},
  author={MQTT},
  year={2024},
  url={https://docs.oasis-open.org/mqtt/mqtt/v5.0/os/mqtt-v5.0-os.html},
  note={[Accessed: 2024-05-20]}
}

@misc{ietf_mqtt_v5,
  title={OASIS Advanced Message Queuing Protocol (AMQP) Version 1.0},
  author={AMQP},
  year={2024},
  url={https://www.researchgate.net/publication/373640610_MQTT_Protocol_for_the_IoT_-_Review_Paper},
  note={[Accessed: 2024-05-20]}
}

@misc{amqp_v1,
  title={MQTT Protocol for the IoT - Review Paper},
  author={MQTT},
  year={2021},
  url={https://docs.oasis-open.org/amqp/core/v1.0/os/amqp-core-overview-v1.0-os.html},
  note={[Accessed: 2024-05-20]}
}

@misc{opc_ua_spec,
  title={OPC Unified Architecture Specification},
  author={OPC UA},
  year={2024},
  url={https://opcfoundation.org/developer-tools/specifications-unified-architecture/},
  note={[Accessed: 2024-05-20]}
}

@book{kleppmann2017designing,
  title={Designing data-intensive applications: The big ideas behind reliable, scalable, and maintainable systems},
  author={Kleppmann, Martin},
  year={2017},
  publisher={O'Reilly Media}
}

@rfc{rfc_http1_1,
  title={Hypertext Transfer Protocol -- HTTP/1.1},
  author={HTTP/1.1},
  year={2024},
  series={RFC},
  number={2616},
  url={https://www.rfc-editor.org/rfc/rfc2616},
  note={[Accessed: 2024-05-20]}
}

@book{chambers2018spark,
  title={Spark: The definitive guide: Big data processing made simple},
  author={Chambers, Bill and Zaharia, Matei},
  year={2018},
  publisher={O'Reilly Media}
}

@misc{json_schema_spec,
  title={JSON Schema: A Media Type for Describing JSON Documents},
  author={JSON Schema},
  year={2024},
  url={https://json-schema.org/draft/2020-12/json-schema-core.html},
  note={[Accessed: 2024-05-20]}
}

@misc{csv_rfc,
  title={Common Format and MIME Type for Comma-Separated Values (CSV) Files},
  author={CSV},
  year={2024},
  series={RFC},
  number={4180},
  url={https://www.rfc-editor.org/rfc/rfc4180},
  note={[Accessed: 2024-05-20]}
}

@book{tanenbaum2011computer,
  title={Computer networks},
  author={Tanenbaum, Andrew S and Wetherall, David J},
  year={2011},
  publisher={Pearson Education}
}

@book{luckham2002power,
  title={The power of events: an introduction to complex event processing in distributed enterprise systems},
  author={Luckham, David C},
  year={2002},
  publisher={Addison-Wesley Professional}
}

@misc{postgresql_docs,
  title={PostgreSQL: Documentation},
  author={{PostgreSQL Global Development Group}},
  year={2024},
  url={https://www.postgresql.org/docs/},
  note={[Accessed: 22/07/2024]}
}

@misc{elasticsearch_docs,
  title={Elasticsearch Guide},
  author={{Elastic}},
  year={2024},
  url={https://www.elastic.co/guide/en/elasticsearch/reference/current/index.html},
  note={[Accessed: 22/07/2024]}
}

@misc{spark_operator_docs,
  title={Spark on Kubernetes Operator},
  author={{GoogleCloudPlatform}},
  year={2024},
  url={https://github.com/GoogleCloudPlatform/spark-on-k8s-operator},
  note={[Accessed: 22/07/2024]}
}

@misc{kubernetes_rbac_docs,
  title={Using RBAC Authorization},
  author={{The Kubernetes Authors}},
  year={2024},
  url={https://kubernetes.io/docs/reference/access-authn-authz/rbac/},
  note={[Accessed: 22/07/2024]}
}

@misc{kubernetes_resources_docs,
  title={Resource Management for Pods and Containers},
  author={{The Kubernetes Authors}},
  year={2024},
  url={https://kubernetes.io/docs/concepts/configuration/manage-resources-containers/},
  note={[Accessed: 22/07/2024]}
}

@misc{kubernetes_probes_docs,
  title={Configure Liveness, Readiness and Startup Probes},
  author={{The Kubernetes Authors}},
  year={2024},
  url={https://kubernetes.io/docs/tasks/configure-pod-container/configure-liveness-readiness-startup-probes/},
  note={[Accessed: 22/07/2024]}
}

@misc{kubernetes_configmap_docs,
    title = {ConfigMaps},
    author = {{The Kubernetes Authors}},
    year = {2024},
    url = {https://kubernetes.io/docs/concepts/configuration/configmap/},
    note={[Accessed: 22/07/2024]}
}
